<?xml version="1.0" encoding="UTF-8"?><collection xmlns="http://www.loc.gov/MARC21/slim"><record><leader>00399nam--2200133-i-4500</leader><controlfield tag="001">000001213</controlfield><controlfield tag="002">20161230</controlfield><controlfield tag="005">20161230201024</controlfield><controlfield tag="008">060222s1000------------r-----000-0-eng-d</controlfield><datafield ind1=" " ind2=" " tag="100"><subfield code="a">Goodenough, J.B</subfield></datafield><datafield ind1=" " ind2=" " tag="245"><subfield code="a">Magnetism and the chemical bond</subfield></datafield><datafield ind1=" " ind2=" " tag="260"><subfield code="a">New York, Interscience Publishers, 1963.Xv + 393 P</subfield></datafield><datafield ind1=" " ind2=" " tag="490"><subfield code="a">Interscience Monographs On Chemistry.Inorganic Chemistry Section</subfield></datafield><datafield ind1=" " ind2=" " tag="852"><subfield code="a">18828</subfield></datafield></record></collection>